<record><leader>00000cas a22000007a 4500</leader><controlfield tag="001">12034319</controlfield><controlfield tag="008">850514d18841963iauwr ne      0    0eng d</controlfield><datafield ind1=" " ind2=" " tag="010"><subfield code="a">sn 85049622 </subfield></datafield><datafield ind1=" " ind2=" " tag="040"><subfield code="a">INP</subfield><subfield code="b">eng</subfield><subfield code="c">INP</subfield><subfield code="d">OCLCQ</subfield></datafield><datafield ind1=" " ind2=" " tag="042"><subfield code="a">msc</subfield></datafield><datafield ind1="0" ind2="4" tag="245"><subfield code="a">The Clarence sun.</subfield></datafield><datafield ind1=" " ind2=" " tag="260"><subfield code="a">Clarence, Iowa :</subfield><subfield code="b">[s.n.],</subfield><subfield code="c">1884-</subfield></datafield><datafield ind1=" " ind2=" " tag="300"><subfield code="a">v. :</subfield><subfield code="b">ill.</subfield></datafield><datafield ind1=" " ind2=" " tag="310"><subfield code="a">Weekly</subfield></datafield><datafield ind1="0" ind2=" " tag="362"><subfield code="a">Vol. 5, no. 22 (Dec. 12, 1884)-</subfield></datafield><datafield ind1="1" ind2=" " tag="362"><subfield code="a">Ceased in 1963.</subfield><subfield code="z">Cf. Bibl. of Iowa newspapers.</subfield></datafield><datafield ind1=" " ind2=" " tag="500"><subfield code="a">Editor: Joe W. Owen.</subfield></datafield><datafield ind1=" " ind2=" " tag="515"><subfield code="a">Numbering changes from volume designation to year designation, &lt;Dec. 23, 1897-Jan. 5, 1905&gt;.</subfield></datafield><datafield ind1=" " ind2=" " tag="515"><subfield code="a">Irregular numbering from Dec. 23, 1897-Jan. 5, 1905.</subfield></datafield><datafield ind1=" " ind2=" " tag="525"><subfield code="a">Supplements issued occasionally.</subfield></datafield><datafield ind1=" " ind2=" " tag="752"><subfield code="a">United States</subfield><subfield code="b">Iowa</subfield><subfield code="c">Cedar</subfield><subfield code="d">Clarence.</subfield></datafield><datafield ind1="0" ind2="0" tag="780"><subfield code="t">Sun (Clarence, Iowa)</subfield><subfield code="w">(DLC)sn 85049621</subfield></datafield><datafield ind1="0" ind2="7" tag="785"><subfield code="t">Pioneer-press and Stanwood herald</subfield><subfield code="w">(DLC)sn 85049654</subfield></datafield><datafield ind1="0" ind2="7" tag="785"><subfield code="t">North Cedar press</subfield><subfield code="w">(DLC)sn 85049655</subfield></datafield><datafield ind1="1" ind2=" " tag="029"><subfield code="a">AU@</subfield><subfield code="b">000025841782</subfield></datafield></record>